=LDR  00193cam a2200073Ia 4500
=001  a1
=008  970424s1996\\\\fr\\\\\\\b\\\\000\0\fre\d
=245  12$aDewey with one digit
=999  \\$a1 .N44$wDEWEY$i36105020376997$lSTACKS$mHOOVER

