=LDR  00195cam a2200073Ia 4500
=001  a2
=008  970424s1996\\\\fr\\\\\\\b\\\\000\0\fre\d
=245  12$aDewey with two digits
=999  \\$a22 .N47$wDEWEY$i36105020376997$lSTACKS$mHOOVER

