=LDR  00198cam a2200073Ia 4500
=001  a3
=008  970424s1996\\\\fr\\\\\\\b\\\\000\0\fre\d
=245  12$aDewey with three digits
=999  \\$a999 .F67$wDEWEY$i36105020376997$lSTACKS$mHOOVER

