=LDR  00213cam a2200073Ia 4500
=001  a22
=008  970424s1996\\\\fr\\\\\\\b\\\\000\0\fre\d
=245  12$aDewey with two digits and decimal
=999  \\$a22.456 .S655$wDEWEY$i36105020376997$lSTACKS$mHOOVER

