=LDR  00214cam a2200073Ia 4500
=001  a31
=008  970424s1996\\\\fr\\\\\\\b\\\\000\0\fre\d
=245  12$aDewey with three digits and decimal
=999  \\$a999.85 .P84$wDEWEY$i36105020376997$lSTACKS$mHOOVER

