=LDR  00291cam a2200073 a 4500
=001  a999LC3DecSpace
=008  921105s1992\\\\sz\\\\\\\\\\\\000\1\fre\\
=245  14$a999 LC begins with 3 letters, decimal digits before Cutter: Space before Cutter decimal point/
=999  \\$aKJH66.6 .I26 P54 1992$wLC$i36105043436257$lSTACKS$mGREEN

