=LDR  00388nam a22000855? 4500
=001  a999LC22
=008  910118s1990||||gw\|||||||||||||||||ger|d
=245  14$aAnother 999 LC begins with 2 letters, no decimal digits before Cutter: Space before Cutter decimal point/
=999  \\$aCB3 .A6 SUPPL. V.31$wLC$i36105035087092$kCHECKEDOUT$lSTACKS$mGREEN
=999  \\$aCB3 .A6 SUPPL. V.32$wLC$i36105035087093$kCHECKEDOUT$lSTACKS$mGREEN

