=LDR  00225cam a2200073K  45 0
=001  a3311
=008  870518s1946\\\\bl\\\\\\\\\\\\000\0\por\d
=245  13$aSTORBYTITL - ignore call number
=999  \\$aPQ9661 .P31 C6 1946$wLC$i36105129694373$lSTORBYTITL$mCHEMCHMENG

