=LDR  00283nam a22000971  4500
=001  a115472
=008  740123s1966\\\\ii\a\\\\\\\\\\000\0\eng\\
=050  0\$aHC241.25.I4$bD47
=082  \\$a382.9142
=245  10$a999 LC;  050 LC;  082 Dewey:  include all
=999  \\$aHC241.25 .I4 D47$wLC$i36105033811451$lSTACKS$mGREEN

