=LDR  00438cas a2200109 a 4500
=001  a460947
=008  830415c19809999vauuu\\\\a\\\\0\\\\0eng\\
=050  0\$aE184.S75$bR47a
=082  \\$a016.3058/68/073
=245  00$a999 LCPER, 050 LC, 082 Dewey 3 digits starting with zero: include all (note LCs are the same for facets)/
=999  \\$aE184.S75 R47A V.1 1980$wLCPER$i36105007402873$lSTACKS$mGREEN
=999  \\$aE184.S75 R47A V.2 1980$wLCPER$i36105007402872$lSTACKS$mGREEN

