=LDR  00302cam a2200085   4500
=001  a690002
=008  711019s1955\\\\xx\\\\\\\\\\\\000\0\eng\u
=092  \\$a159.32$b.W211
=245  10$a999 Dewey (3 digits and decimal); 092 Dewey: accept all (note Deweys are same for facets) 
=999  \\$a159.32 .W211$wDEWEY$i36105046693508$lSTACKS$mSAL3

