=LDR  00417nam a2200109ua 4500
=001  a1033119
=008  830224s1982\\\\ilua\\\\\b\\\\001\0deng\\
=050  0\$aBX4659.E85$bW44
=082  0\$a235/.2$219
=245  10$aTwo 999 LC (same for facets), 050 LC (also same for facets) and 082 Dewey with slash after first 3 digits
=999  \\$aBX4659.E85 W44$wLC$i36105037439663$lSTACKS$mGREEN
=999  \\$aBX4659 .E85 W44 1982$wLC$i36105001623284$lSTACKS$mSAL

