=LDR  00281nam a2200073ua 4500
=001  a1234673
=008  870715r19741700ctu\\\\\a\\\\\000\0\eng\d
=245  14$aThe second part of the Confutation of the Ballancing letter
=999  \\$aMCD Brendel Plays Beethoven's Eroica variations$wALPHANUM$i001AFX2969$lMEDIA-MTXT$mGREEN

