=LDR  00402nam a22001091  4500
=001  a1732616
=008  840514s1962\\\\enk\\\\\\b\\\\000\0\eng\\
=050  0\$aQA273$b.C83 1962
=082  0\$a519.1
=245  10$a Two 999 LC (same for facets), 050 LC with Cutter in subfield b (also same for facet), 082 Dewey
=999  \\$aQA273 .C83 1962$wLC$i36105033142303$lSTACKS$mMATH-CS
=999  \\$aQA273 .C83 1962$wLC$i36105033142311$lSTACKS$mSAL

