=LDR  00385nam a2200097 a 4500
=001  a1849258
=008  860314s1924\\\\enka\\\\\b\\\\001\0\eng\d
=092  \\$a352.042$b.C594 ed.2
=245  14$a999 Dewey start three digits and decimal digits; 092 Dewey lower case (same for facets)/
=999  \\$a352.042 .C594 ED.2$wDEWEY$i36105047516096$lSTACKS$mSAL3
=999  \\$a352.042 .C594 ED.3$wDEWEY$i36105047516096$lSTACKS$mSAL3

