=LDR  00397cam a2200121   4500
=001  a2214009
=008  711202s1949\\\\ilu\\\\\\b\\\\000\0\eng\\
=050  0\$aLB875$b.S48
=082  \\$a370.1
=099  \\$a370.1$b.S655
=245  10$a999 withdrawn and 999 Dewey 3 digits with decimal point, 050 LC
=999  \\$a370.1 .S655$wDEWEY$i36105033336798$lWITHDRAWN$mEDUCATION
=999  \\$a370.1 .S655$wDEWEY$i36105033336780$lSTACKS$mSAL3

