=LDR  00445cam a2200121   4500
=001  a2328381
=008  770114s1920\\\\xx\\\\\\\\\\\\000\0\eng\\
=050  \\$aPR3724$b.T3 1920
=092  \\$a827.5$b.S97tg
=245  12$aThree 999: Two LC, one Dewey; 050 LC and 092 Dewey (one LC, one Dewey for facets)
=999  \\$aPR3724.T3$wLC$i36105003934432$lSTACKS$mSAL
=999  \\$aPR3724.T3$wLC$i36105003934424$lSTACKS$mSAL
=999  \\$a827.5 .S97TG$wDEWEY$i36105048104132$lSTACKS$mSAL3

