=LDR  00336cam a2200109 a 4500
=001  a2678655
=008  850719s1985\\\\dcua\\\\\b\\\f000\0\eng\d
=086  0\$aGA 1.13:RCED-85-88
=088  \\$aGAO/RCED-85-88
=088  \\$aB-215975
=245  00$aSUDOC in 999; 086 - take (same as 999); two 088 to ignore
=999  \\$aGA 1.13:RCED-85-88$wSUDOC$i001ANE5736$lFED-DOCS$mGREEN

