=LDR  00286cam a2200097   4500
=001  a2913114
=008  710329s1971\\\\nyu\\\\\\b\\\\001\0\eng\\
=050  0\$aD810.J4$bI77
=082  \\$a940.53/438
=245  10$a999 LC; 050 LC (different for facets); 082 Dewey
=999  \\$aDH135 .P6 I65$wLC$i36105082973251$lSAL-PAGE$mSAL

