=LDR  00309nam a22000855a 4500
=001  a3277173
=008  910725s1991\\\\fr\af\\\\\\\\\00000\fre\\
=050  00$aIN PROCESS (ONLINE)
=245  14$a999 withdrawn (subfield k) and 050 "IN PROCESS" - no call number should be assigned/
=999  \\$aWDRNALW4497$wASIS$i001ALW4497$kWITHDRAWN$lSTACKS$mGREEN

