=LDR  00338cam a2200097Ia 4500
=001  a3400092
=008  970424s1996\\\\fr\\\\\\\b\\\\000\0\fre\d
=090  \\$aBL1844.F8$bL4 1996
=092  \\$a299.512$fLE
=245  12$a999 LC with decimal digit before the Cutter period; 090 with different LC and 092 Dewey
=999  \\$aDC34.5 .A78 L4 1996$wLC$i36105020376997$lSTACKS$mGREEN

