=LDR  00285cam a2200097 a 4500
=001  a5511738
=008  031031s2003\\\\dcu\\\\\\\\\\f000\0\eng\c
=050  00$aKJ27$b.A33276 2003
=086  0\$aY 4.AG 8/1:108-16
=245  10$a999 SUDOC, 086 SUDOC, 050 LC
=999  \\$aY 4.AG 8/1:108-16$wSUDOC$i36105050329486$lSTACKS$mSAL3

