=LDR  00212nea a2200073Ka 45 0
=001  a6280316
=008  050825m18911895dcud\\\\\\a\\fs\0\\\eng\d
=245  10$aGeneral topographical map.
=999  \\$aINTERNET RESOURCE$wASIS$i6280316-1001$lINTERNET$mSUL

