=LDR  00235cam a2200073 i 4500
=001  a6661112
=008  790220||||||||||||\\\\\\\\\\\|||\|\eng\\
=245  12$a999 LC begins with 1 letter; no space before Cutter period
=999  \\$aZ3871.Z8$wLC$i36105082101390$lSAL-PAGE$mSAL

