=LDR  00255nas a2200085z  4500
=001  a7117119
=008  071214uuuuuuuuuxx\uu\|ss\\\\u|\\\\||||\d
=090  \\$a110978984448763
=245  1\$a999 ASIS INTERNET RESOURCE 090 bad LC
=999  \\$aINTERNET RESOURCE$wASIS$i7117119-1001$lINTERNET$mSUL

