=LDR  00413cam a2200121Li 4500
=001  a7233951
=008  980209s1851\\\\ohu\\\\\s\\\\\00|\0\eng\u
=245  14$a999 bad LC (starts with X); two 852; two 946:  no call number facets
=852  \\$aCSt-L$bANNEX$cSAL3$hX578$i.S64 1851
=852  \\$aCSt-L$bACCESS$cEDATA$zGoogle Books
=946  \\$bSAL3$hX578$i.S64 1851
=946  \\$bEDATA
=999  \\$aX578 .S64 1851$wLC$iLL124341$lASK@LANE$mLANE-MED

