=LDR  00306nam a22000974a 4500
=001  a7531910
=008  001205s2001\\\\caua\\\\sb\\\\001\0\eng\\
=050  14$aQA76.76.C672$bB367 2001eb
=082  04$a794.8/15265$221
=245  10$a999 ASIS "INTERNET RESOURCE"; 050 LC 082 Dewey
=999  \\$aINTERNET RESOURCE$wASIS$i7531910-1001$lINTERNET$mSUL

