=LDR  00300cam a2200085Ia 4500
=001  aDeweyVol
=008  970424s1996\\\\fr\\\\\\\b\\\\000\0\fre\d
=245  12$aDewey with volume information to lop off
=999  \\$a666 .F67 VOL. 5$wDEWEY$i36105020376998$lSTACKS$mHOOVER
=999  \\$a666 .F67 VOL. 6$wDEWEY$i36105020376999$lSTACKS$mHOOVER

