=LDR  00189cam a2200073Li 4500
=001  agreenX
=008  980209s1851\\\\ohu\\\\\s\\\\\00|\0\eng\u
=245  14$agreen X callnum
=999  \\$aX666 .S666 1666$wLC$i94025$lSTACKS$mGREEN

