=LDR  00301cam a2200085 i 4500
=001  amfiche
=007  he\bmu|||buca
=008  101015q20092010fr\a\\\\bbm\\\000\0\fre\c
=245  14$aMFICHE callnum$bhttps://jirasul.stanford.edu/jira/browse/SW-378$cckey 8729402
=999  \\$aMFICHE 3239$wALPHANUM$i8729402-1001$kINPROCESS$lMEDIA-MTXT$mGREEN

